<?xml version="1.0" encoding="UTF-8"?><collection xmlns="http://www.loc.gov/MARC21/slim"><record><leader>00450nam--2200169-i-4500</leader><controlfield tag="001">000005096</controlfield><controlfield tag="002">20161230</controlfield><controlfield tag="005">20161230201026</controlfield><controlfield tag="008">060222s1000------------r-----000-0-eng-d</controlfield><datafield ind1=" " ind2=" " tag="040"><subfield code="a">IFIN-HH</subfield></datafield><datafield ind1=" " ind2=" " tag="080"><subfield code="a">538.9:548.0</subfield></datafield><datafield ind1="1" ind2=" " tag="100"><subfield code="a">Azaroff, Leonid V</subfield></datafield><datafield ind1="1" ind2="0" tag="245"><subfield code="a">Introduction to solids</subfield><subfield code="c">Leonid v. azaroff</subfield></datafield><datafield ind1=" " ind2=" " tag="260"><subfield code="a">New York</subfield><subfield code="b">Mcgraw-hill Book Company, Inc</subfield><subfield code="c">1960</subfield></datafield><datafield ind1=" " ind2=" " tag="300"><subfield code="a">XIV + 460 P</subfield></datafield><datafield ind1=" " ind2=" " tag="852"><subfield code="a">15594</subfield><subfield code="c">539.2</subfield></datafield><datafield ind1=" " ind2=" " tag="CAT"><subfield code="a">Sys</subfield><subfield code="c">20121003</subfield><subfield code="h">173247</subfield></datafield></record></collection>